@ARTICLE{ks:kmb,
    AUTHOR = "L. Kou and G. Markowsky and L. Berman",
    TITLE = "A fast algorithm for Steiner trees",
    JOURNAL = "Acta Informatica",
    YEAR = "1981"}
@ARTICLE{ks:kpp,
   AUTHOR = "Vachaspathi P. Kompella and Joseph C. Pasquale and George C. Polyzos",
   TITLE = "Multicasting for High-Bandwidth Delay-Sensitive Multimedia Applications",
   JOURNAL = "IEEE",
   YEAR = "1991"}
@ARTICLE{ks:pzh,
   AUTHOR = "Maciej Piechowiak and Piotr Zwierzykowski and Slawomir Hanczewski",
   TITLE = "Performance Analysis of Multicast Heuristic Algorithms"}