@article{1245651,
 author = {Nicholas Negroponte},
 title = {Can a Developing Nation Be Creative?},
 journal = {Inf. Technol. Int. Dev.},
 volume = {1},
 number = {1},
 year = {2003},
 issn = {1544-7529},
 pages = {87--88},
 doi = {http://dx.doi.org/10.1162/itid.2003.1.1.87},
 publisher = {MIT Press},
 address = {Cambridge, MA, USA},
 }

@article{303853,
 author = {Richard B. Heeks},
 title = {International perspectives: software strategies in developing countries},
 journal = {Commun. ACM},
 volume = {42},
 number = {6},
 year = {1999},
 issn = {0001-0782},
 pages = {15--20},
 doi = {http://doi.acm.org/10.1145/303849.303853},
 publisher = {ACM},
 address = {New York, NY, USA},
 }

@article{303858,
 author = {Ben Petrazzini and Mugo Kibati},
 title = {The Internet in developing countries},
 journal = {Commun. ACM},
 volume = {42},
 number = {6},
 year = {1999},
 issn = {0001-0782},
 pages = {31--36},
 doi = {http://doi.acm.org/10.1145/303849.303858},
 publisher = {ACM},
 address = {New York, NY, USA},
 }

